<record><leader>00972cam a2200289   4500</leader><controlfield tag="005">20191212135919.0</controlfield><controlfield tag="008">720728c19661945nyuc     b    001 0ceng</controlfield><controlfield tag="001">991491000000541</controlfield><datafield tag="010" ind1=" " ind2=" "><subfield code="a">71182720 //r935</subfield></datafield><datafield tag="035" ind1=" " ind2=" "><subfield code="a">71182720 //r935</subfield></datafield><datafield tag="035" ind1=" " ind2=" "><subfield code="a">(DLC)7826</subfield></datafield><datafield tag="040" ind1=" " ind2=" "><subfield code="a">DLC</subfield><subfield code="c">DLC</subfield><subfield code="d">DLC</subfield></datafield><datafield tag="049" ind1=" " ind2=" "><subfield code="a">SHCM</subfield></datafield><datafield tag="050" ind1="0" ind2="0"><subfield code="a">PR5686</subfield><subfield code="b">.S8 1966</subfield></datafield><datafield tag="082" ind1="0" ind2="0"><subfield code="a">823/.8</subfield><subfield code="a">B</subfield></datafield><datafield tag="092" ind1=" " ind2=" "><subfield code="a">823.8 T847St</subfield></datafield><datafield tag="100" ind1="1" ind2=" "><subfield code="a">Stebbins, Lucy Poate,</subfield><subfield code="d">b. 1886.</subfield></datafield><datafield tag="245" ind1="1" ind2="4"><subfield code="a">The Trollopes;</subfield><subfield code="b">the chronicle of a writing family,</subfield><subfield code="c">by Lucy Poate Stebbins and Richard Poate Stebbins.</subfield></datafield><datafield tag="260" ind1=" " ind2=" "><subfield code="a">New York,</subfield><subfield code="b">AMS Press,</subfield><subfield code="c">1966 [c1945]</subfield></datafield><datafield tag="300" ind1=" " ind2=" "><subfield code="a">394 p.</subfield><subfield code="b">ports.</subfield><subfield code="c">23 cm.</subfield></datafield><datafield tag="504" ind1=" " ind2=" "><subfield code="a">Bibliography: p. [343]-375.</subfield></datafield><datafield tag="600" ind1="1" ind2="0"><subfield code="a">Trollope, Anthony,</subfield><subfield code="d">1815-1882.</subfield></datafield><datafield tag="600" ind1="1" ind2="0"><subfield code="a">Trollope, Frances Milton,</subfield><subfield code="d">1780-1863.</subfield></datafield><datafield tag="600" ind1="1" ind2="0"><subfield code="a">Trollope, Thomas Adolphus,</subfield><subfield code="d">1810-1892.</subfield></datafield><datafield tag="600" ind1="3" ind2="0"><subfield code="a">Trollope family.</subfield></datafield><datafield tag="650" ind1=" " ind2="0"><subfield code="a">Authors, English</subfield><subfield code="y">19th century</subfield><subfield code="x">Family relationships.</subfield></datafield><datafield tag="700" ind1="1" ind2=" "><subfield code="a">Stebbins, Richard Poate,</subfield><subfield code="d">1913-</subfield></datafield><datafield tag="950" ind1=" " ind2=" "><subfield code="c">2019-12-12 14:59:19 US/Eastern</subfield><subfield code="b">2011-12-17 16:52:54 US/Eastern</subfield><subfield code="a">false</subfield></datafield><datafield tag="852" ind1="0" ind2=" "><subfield code="b">MAIN</subfield><subfield code="c">main</subfield><subfield code="h">PR5686</subfield><subfield code="i">.S8 1966</subfield><subfield code="8">225800940000541</subfield></datafield><datafield tag="952" ind1=" " ind2=" "><subfield code="d">2011-12-17 21:52:54</subfield><subfield code="8">225800940000541</subfield><subfield code="a">2011-12-17 21:52:54</subfield><subfield code="b">Main Library</subfield><subfield code="c">Stacks</subfield><subfield code="e">false</subfield></datafield><datafield tag="876" ind1=" " ind2=" "><subfield code="0">225800940000541</subfield><subfield code="a">235800930000541</subfield><subfield code="j">1</subfield><subfield code="i">0</subfield><subfield code="d">2011-12-17 21:52:54</subfield><subfield code="h">PR5686 .S8 1966</subfield><subfield code="p">28590</subfield><subfield code="t">0</subfield></datafield></record>
